@misc{Agile,
    title={Principles behind the Agile Manifesto},
    author={{Kent Beck, Mike Beedle, Arie van Bennekum, Alistair Cockburn, Ward Cunningham, Martin Fowler, James Grenning, Jim Highsmith, Andrew Hunt, Ron Jeffries, Jon Kern, Brian Marick, Robert C. Martin, Steve Mellor, Ken Schwaber, Jeff Sutherland, Dave Thomas}},
    howpublished={[Online]. Available: \url{http://agilemanifesto.org/principles.html}},
    note={[Accessed: 22-Nov-2016]}
}

@inproceedings{EnhancePerformance,
  title={Enhancing the performance of software development virtual teams through the use of agile methods: a pilot study},
  author={Nevo, Saggi and Chengalur-Smith, InduShobha},
  booktitle={System Sciences (HICSS), 2011 44th Hawaii International Conference on},
  pages={1--10},
  year={2011},
  organization={IEEE}
}

@inproceedings{SoftwareProcess,
  title={Improving software process in agile software development projects: results from two XP case studies},
  author={Salo, Outi},
  booktitle={Euromicro Conference, 2004. Proceedings. 30th},
  pages={310--317},
  year={2004},
  organization={IEEE}
}

@inproceedings{LargeAgile,
  title={Agile methods for large organizations-building communities of practice},
  author={Kahkonen, Tuomo},
  booktitle={Agile Development Conference, 2004},
  pages={2--10},
  year={2004},
  organization={IEEE}
}

@inproceedings{MicrosoftExp,
  title={Scrum+ engineering practices: Experiences of three microsoft teams},
  author={Williams, Laurie and Brown, Gabe and Meltzer, Adam and Nagappan, Nachiappan},
  booktitle={2011 International Symposium on Empirical Software Engineering and Measurement},
  pages={463--471},
  year={2011},
  organization={IEEE}
}

@inproceedings{UsingAgile,
  title={Using Agile Practices to Solve Global Software Development Problems--A Case Study},
  author={Beecham, Sarah and Noll, John and Richardson, Ita},
  booktitle={2014 IEEE International Conference on Global Software Engineeering Workshops},
  pages={5--10},
  year={2014},
  organization={IEEE}
}

@article{AgileDevelopment,
  title={Agile Software Development: A survey of early adopters},
  author={Vijayasarathy, LEOR and Turk, Dan},
  journal={Journal of Information Technology Management},
  volume={19},
  number={2},
  pages={1--8},
  year={2008}
}

@article{AgilePeople,
  title={Agile software development, the people factor},
  author={Cockburn, Alistair and Highsmith, Jim},
  journal={Computer},
  volume={34},
  number={11},
  pages={131--133},
  year={2001}
}

@article{GroupExec,
  title={What makes teams work: Group effectiveness research from the shop floor to the executive suite},
  author={Cohen, Susan G and Bailey, Diane E},
  journal={Journal of management},
  volume={23},
  number={3},
  pages={239--290},
  year={1997},
  publisher={Sage Publications}
}

@article{MotivationSoftware,
  title={Motivation in Software Engineering: A systematic literature review},
  author={Beecham, Sarah and Baddoo, Nathan and Hall, Tracy and Robinson, Hugh and Sharp, Helen},
  journal={Information and software technology},
  volume={50},
  number={9},
  pages={860--878},
  year={2008},
  publisher={Elsevier}
}

@article{MotivationTeamwork,
  title={Motivation, teamwork, and agile development},
  author={Asproni, Giovanni},
  journal={Agile Times},
  volume={4},
  number={1},
  pages={8--15},
  year={2004}
}

@article{AgilePractices,
  title={Using agile practices to influence motivation within it project teams},
  author={McHugh, Orla and Conboy, Kieran and Lang, Michael},
  journal={Scandinavian Journal of Information Systems},
  volume={23},
  number={3},
  pages={1--26},
  year={2011}
}

@misc{RyseCrisis,
title={Agile Lessons from Ryse and Crysis 3},
author={Patrick Payne},
howpublished={[Online]. Available: \url http://www.gdcvault.com.ezproxy.falmouth.ac.uk/play/1020790/Agile-Lessons-from-Ryse-and},
note ={[Accessed=22-Nov-2016]}
}

@article{Tuckman,
  title={Developmental sequence in small groups.},
  author={Tuckman, Bruce W},
  journal={Psychological bulletin},
  volume={63},
  number={6},
  pages={66--81},
  year={1965},
  publisher={American Psychological Association}
}

@article{Practitioners,
  title={What do software practitioners really think about project success: an exploratory study},
  author={Procaccino, J Drew and Verner, June M and Shelfer, Katherine M and Gefen, David},
  journal={Journal of Systems and Software},
  volume={78},
  number={2},
  pages={194--203},
  year={2005},
  publisher={Elsevier}
}
